@book{Zienkiewicz1,
	author = "Zienkiewicz, O. C. and Zhu, J.Z. and Taylor, Robert L.",
	edition = "7",
	isbn = "978-1-85617-633-0",
	keywords = "FEM; Numerical simulation; Mixed formulation; incompressibility; Mesh refinement",
	publisher = "Butterworth-Heinemann",
	title = "The Finite Element Method: its Basis and Fundamentals",
	x-color = "#cc3300",
	year = "2013"
}
